
@phdthesis{watkins_learning_1989,
	title = {Learning from Delayed Rewards},
	school = {Cambridge University},
	author = {C J C H Watkins},
	year = {1989},
	keywords = {mcs548-presentation}
},

@article{kaelbling_reinforcement_1996,
	title = {Reinforcement learning: A survey},
	volume = {4},
	shorttitle = {Reinforcement learning},
	number = {1},
	journal = {Journal of Artificial Intelligence},
	author = {L. P. Kaelbling and M. L. Littman and A. W. Moore},
	year = {1996},
	keywords = {mcs548-presentation},
	pages = {237–285}
},

@book{mitchell_machine_1997,
	title = {Machine Learning},
	abstract = {a good text book for {ML}},
	publisher = {{McGraw} Hill},
	author = {Tom Mitchell},
	year = {1997},
	keywords = {mcs548-presentation}
},

@book{russell_artificial_2010,
	title = {Artificial Intelligence: A Modern Approach {(Third} Edition)},
	publisher = {Prentice Hall},
	author = {S. Russell and P. Norvig},
	year = {2010},
	keywords = {mcs548-presentation}
}
